<?xml version="1.0" encoding="UTF-8"?>
<marc:collection xmlns:marc="http://www.loc.gov/MARC21/slim" xmlns:xsi="http://www.w3.org/2001/XMLSchema-instance" xsi:schemaLocation="http://www.loc.gov/MARC21/slim http://www.loc.gov/standards/marcxml/schema/MARC21slim.xsd">
   <marc:record type="Bibliographic">
      <marc:leader>00571cam a22002055  4500</marc:leader>
      <marc:controlfield tag="001">2786988</marc:controlfield>
      <marc:controlfield tag="003">NjP</marc:controlfield>
      <marc:controlfield tag="005">20100810161807.0</marc:controlfield>
      <marc:controlfield tag="008">991116s194u    ua a          000 0 ara d</marc:controlfield>
      <marc:datafield tag="024" ind1="7" ind2=" ">
         <marc:subfield code="a">princeton_aco000288</marc:subfield>
         <marc:subfield code="2">local</marc:subfield>
      </marc:datafield>
      <marc:datafield tag="035" ind1=" " ind2=" ">
         <marc:subfield code="a">(OCoLC)ocm42840583</marc:subfield>
      </marc:datafield>
      <marc:datafield tag="035" ind1=" " ind2=" ">
         <marc:subfield code="9">CNJ5978TS</marc:subfield>
      </marc:datafield>
      <marc:datafield tag="040" ind1=" " ind2=" ">
         <marc:subfield code="a">PUL</marc:subfield>
         <marc:subfield code="c">PUL</marc:subfield>
      </marc:datafield>
      <marc:datafield tag="100" ind1="2" ind2=" ">
         <marc:subfield code="a">ʻAbd al-Raḥmān, ʻAbd Allāh.</marc:subfield>
      </marc:datafield>
      <marc:datafield tag="245" ind1="0" ind2="3">
         <marc:subfield code="a">al-Fajr al-ṣādiq.</marc:subfield>
      </marc:datafield>
      <marc:datafield tag="260" ind1=" " ind2=" ">
         <marc:subfield code="a">[Cairo,</marc:subfield>
         <marc:subfield code="c">194-?]</marc:subfield>
      </marc:datafield>
      <marc:datafield tag="300" ind1=" " ind2=" ">
         <marc:subfield code="a">137 p.</marc:subfield>
         <marc:subfield code="b">illus.</marc:subfield>
         <marc:subfield code="c">24 cm.</marc:subfield>
      </marc:datafield>
      <marc:datafield tag="546" ind1=" " ind2=" ">
         <marc:subfield code="a">In Arabic.</marc:subfield>
      </marc:datafield>
      <marc:datafield tag="500" ind1=" " ind2=" ">
         <marc:subfield code="a">Poems.</marc:subfield>
      </marc:datafield>
      <marc:datafield tag="852" ind1="0" ind2=" ">
         <marc:subfield code="b">nec</marc:subfield>
         <marc:subfield code="h">PJ7804.R339</marc:subfield>
         <marc:subfield code="i">F357 1940z</marc:subfield>
         <marc:subfield code="p">3097951</marc:subfield>
         <marc:subfield code="x">reclassed from: 2262.1122.333</marc:subfield>
      </marc:datafield>
      <marc:datafield tag="945" ind1=" " ind2=" ">
         <marc:subfield code="a">F</marc:subfield>
         <marc:subfield code="b">1</marc:subfield>
         <marc:subfield code="c">2262.1122.333</marc:subfield>
      </marc:datafield>
      <marc:datafield tag="911" ind1=" " ind2=" ">
         <marc:subfield code="a">20000130</marc:subfield>
      </marc:datafield>
   </marc:record>
</marc:collection>
